<record xmlns="http://www.loc.gov/MARC21/slim">
  <leader>01198nam a2200397 c 4500</leader>
  <controlfield tag="001">990004519310204517</controlfield>
  <controlfield tag="005">20200511091822.0</controlfield>
  <controlfield tag="007">tu</controlfield>
  <controlfield tag="008">131003|2012    |||      m    ||| 0 eng c</controlfield>
  <controlfield tag="009">AC11056824</controlfield>
  <datafield tag="015" ind1=" " ind2=" ">
    <subfield code="a">OeBB</subfield>
    <subfield code="2">oeb</subfield>
  </datafield>
  <datafield tag="035" ind1=" " ind2=" ">
    <subfield code="a">(EXLNZ-43ACC_NETWORK)990110601970203331</subfield>
  </datafield>
  <datafield tag="040" ind1=" " ind2=" ">
    <subfield code="a">TUG</subfield>
    <subfield code="b">ger</subfield>
    <subfield code="d">AT-UBTUG</subfield>
    <subfield code="e">rakwb</subfield>
  </datafield>
  <datafield tag="041" ind1=" " ind2=" ">
    <subfield code="a">eng</subfield>
  </datafield>
  <datafield tag="044" ind1=" " ind2=" ">
    <subfield code="c">XA-AT</subfield>
  </datafield>
  <datafield tag="084" ind1=" " ind2=" ">
    <subfield code="a">53.16</subfield>
    <subfield code="2">bkl</subfield>
  </datafield>
  <datafield tag="090" ind1=" " ind2=" ">
    <subfield code="h">g</subfield>
  </datafield>
  <datafield tag="100" ind1="1" ind2=" ">
    <subfield code="a">Sch체tz, Denis</subfield>
    <subfield code="4">aut</subfield>
  </datafield>
  <datafield tag="245" ind1="1" ind2="0">
    <subfield code="a">&lt;&lt;The&gt;&gt; development of high strain actuator materials</subfield>
    <subfield code="c">Denis Sch체tz</subfield>
  </datafield>
  <datafield tag="264" ind1=" " ind2="1">
    <subfield code="b">TU Graz</subfield>
    <subfield code="c">2012</subfield>
  </datafield>
  <datafield tag="300" ind1=" " ind2=" ">
    <subfield code="a">Getr. Z채hlung</subfield>
    <subfield code="b">Ill., zahlr. graph. Darst.</subfield>
  </datafield>
  <datafield tag="362" ind1="0" ind2=" ">
    <subfield code="a">2022</subfield>
  </datafield>
  <datafield tag="502" ind1=" " ind2=" ">
    <subfield code="a">Graz, Techn. Univ., Diss., 2012</subfield>
  </datafield>
  <datafield tag="689" ind1="0" ind2=" ">
    <subfield code="5">AT-OBV</subfield>
    <subfield code="5">ONBREB</subfield>
  </datafield>
  <datafield tag="856" ind1="4" ind2=" ">
    <subfield code="u">http://diglib.tugraz.at/download.php?id=576a7df056602&amp;location=aleph</subfield>
    <subfield code="x">TUG</subfield>
    <subfield code="3">Volltext</subfield>
  </datafield>
  <datafield tag="970" ind1="2" ind2=" ">
    <subfield code="a">TUG</subfield>
    <subfield code="d">HS-DISS</subfield>
  </datafield>
  <datafield ind1="7" ind2=" " tag="971">
    <subfield code="a">gesperrt</subfield>
    <subfield code="b">27.01.2023</subfield>
    <subfield code="c">27.01.2025</subfield>
  </datafield>
  <datafield tag="974" ind1="0" ind2="s">
    <subfield code="F">051</subfield>
    <subfield code="A">mu||w||</subfield>
  </datafield>
  <datafield tag="996" ind1=" " ind2=" ">
    <subfield code="a">Fak. f체r Techn. Chemie, Verfahrenstechn. und Biotechnologie</subfield>
    <subfield code="9">local</subfield>
  </datafield>
  <datafield tag="AVA" ind1=" " ind2=" ">
    <subfield code="0">990004519310204517</subfield>
    <subfield code="8">2237724340004517</subfield>
    <subfield code="a">43ACC_TUG</subfield>
    <subfield code="b">FHB</subfield>
    <subfield code="c">TUG Hochschulschriften (TUGHS)</subfield>
    <subfield code="d">6000/2012 S385</subfield>
    <subfield code="e">available</subfield>
    <subfield code="f">1</subfield>
    <subfield code="g">0</subfield>
    <subfield code="j">TUGHS</subfield>
    <subfield code="k">8</subfield>
    <subfield code="p">1</subfield>
    <subfield code="q">Hauptbibliothek</subfield>
  </datafield>
</record>
